@article{barendsen_uniqueness_1993,
  author    = {Erik Barendsen and
               Sjaak Smetsers},
  title     = {Uniqueness Typing for Functional Languages with Graph Rewriting Semantics},
  journal   = {Mathematical Structures in Computer Science},
  volume    = {6},
  number    = {6},
  pages     = {579--612},
  year      = {1996},
  timestamp = {Thu, 03 Jan 2002 12:25:50 +0100},
  biburl    = {http://dblp.uni-trier.de/rec/bib/journals/mscs/BarendsenS96},
  bibsource = {dblp computer science bibliography, http://dblp.org}
}

@article{devries_linearity_2017,
  title = {Linearity, Uniqueness, and Haskell},
  author = {de Vries, Edsko},
  note = {\HREF{Blog post}{http://edsko.net/2017/01/08/linearity-in-haskell/}},
  year = {2017},
}

@article{thrippleton_memory_2007,
  title={Memory safety with exceptions and linear types},
  author={Thrippleton, Richard and Mycroft, Alan},
  year = {2007},
}

@article{sergey_cardinality_2014,
 author = {Sergey, Ilya and Vytiniotis, Dimitrios and Peyton Jones, Simon},
 title = {Modular, Higher-order Cardinality Analysis in Theory and Practice},
 journal = {SIGPLAN Not.},
 issue_date = {January 2014},
 volume = {49},
 number = {1},
 month = jan,
 year = {2014},
 issn = {0362-1340},
 pages = {335--347},
 numpages = {13},
 url = {http://doi.acm.org/10.1145/2578855.2535861},
 doi = {10.1145/2578855.2535861},
 acmid = {2535861},
 publisher = {ACM},
 address = {New York, NY, USA},
 keywords = {cardinality analysis, compilers, functional programming languages, haskell, lazy evaluation, operational semantics, program optimisation, static analysis, thunks, types and effects},
}

@inproceedings{brunel_coeffect_core_2014,
 author = {Brunel, Alo\"{\i}s and Gaboardi, Marco and Mazza, Damiano and Zdancewic, Steve},
 title = {A Core Quantitative Coeffect Calculus},
 booktitle = {Proceedings of the 23rd European Symposium on Programming Languages and Systems - Volume 8410},
 year = {2014},
 isbn = {978-3-642-54832-1},
 pages = {351--370},
 numpages = {20},
 url = {http://dx.doi.org/10.1007/978-3-642-54833-8_19},
 doi = {10.1007/978-3-642-54833-8_19},
 acmid = {2961774},
 publisher = {Springer-Verlag New York, Inc.},
 address = {New York, NY, USA},
}

@Inbook{petricek_coeffects_2013,
author="Petricek, Tomas
and Orchard, Dominic
and Mycroft, Alan",
editor="Fomin, Fedor V.
and Freivalds, R{\={u}}si{\c{n}}{\v{s}}
and Kwiatkowska, Marta
and Peleg, David",
title="Coeffects: Unified Static Analysis of Context-Dependence",
bookTitle="Automata, Languages, and Programming: 40th International Colloquium, ICALP 2013, Riga, Latvia, July 8-12, 2013, Proceedings, Part II",
year="2013",
publisher="Springer Berlin Heidelberg",
address="Berlin, Heidelberg",
pages="385--397",
isbn="978-3-642-39212-2",
doi="10.1007/978-3-642-39212-2_35",
url="http://dx.doi.org/10.1007/978-3-642-39212-2_35"
}

@inproceedings{liu_burstbuffer_2012,
author={N. Liu and J. Cope and P. Carns and C. Carothers and R. Ross and G. Grider and A. Crume and C. Maltzahn},
booktitle={012 IEEE 28th Symposium on Mass Storage Systems and Technologies (MSST)},
title={On the role of burst buffers in leadership-class storage systems},
year={2012},
pages={1-11},
keywords={buffer storage;file organisation;input-output programs;parallel architectures;parallel machines;program interpreters;CODES storage system simulator;HPC storage architecture;I/O forwarding layer;I/O kernel description language;I/O pattern;I/O request;bandwidth aggregation;burst buffer model;high-performance system;interpreter;large-scale HPC system;leadership class storage system;multiapplication I/O workload;parallel file system;solid-state burst buffer;storage system design;Bandwidth;Buffer storage;Computational modeling;Kernel;Protocols;Throughput},
doi={10.1109/MSST.2012.6232369},
ISSN={2160-195X},
month={April},}

@InProceedings{curien_focus_2010,
  Title                    = {{T}he duality of computation under focus},
  Author                   = {Curien, Pierre-Louis and Munch-Maccagnoni, Guillaume},
  Booktitle                = {IFIP TCS},
  Year                     = {2010},
  Editor                   = {Calude, Christian S. and Sassone, Vladimiro},
  Pages                    = {165-181},
  Publisher                = {Springer},
  Series                   = {IFIP Advances in Information and Communication Technology},
  Volume                   = {323}
}

@article{marlow_async_exceptions_2001,
 author = {Marlow, Simon and Jones, Simon Peyton and Moran, Andrew and Reppy, John},
 title = {Asynchronous Exceptions in Haskell},
 journal = {SIGPLAN Not.},
 issue_date = {May 2001},
 volume = {36},
 number = {5},
 month = may,
 year = {2001},
 issn = {0362-1340},
 pages = {274--285},
 numpages = {12},
 url = {http://doi.acm.org/10.1145/381694.378858},
 doi = {10.1145/381694.378858},
 acmid = {378858},
 publisher = {ACM},
 address = {New York, NY, USA},
}

@article{peyton_jones_exceptions_1999,
 author = {Peyton Jones, Simon and Reid, Alastair and Henderson, Fergus and Hoare, Tony and Marlow, Simon},
 title = {A Semantics for Imprecise Exceptions},
 journal = {SIGPLAN Not.},
 issue_date = {May 1999},
 volume = {34},
 number = {5},
 month = may,
 year = {1999},
 issn = {0362-1340},
 pages = {25--36},
 numpages = {12},
 url = {http://doi.acm.org/10.1145/301631.301637},
 doi = {10.1145/301631.301637},
 acmid = {301637},
 publisher = {ACM},
 address = {New York, NY, USA},
}

@techreport{pottier_subtyping_1998,
  TITLE = {{Type Inference in the Presence of Subtyping: from Theory to Practice}},
  AUTHOR = {Pottier, Fran{\c c}ois},
  URL = {https://hal.inria.fr/inria-00073205},
  TYPE = {Research Report},
  NUMBER = {RR-3483},
  INSTITUTION = {{INRIA}},
  YEAR = {1998},
  KEYWORDS = {READABILITY ; CONSTRAINTS ; EFFICIENCY ; PROGRAM ANALYSIS ; SIMPLIFICATION ; INFERENCE ; ML ; TYPING ; SUBTYPING ; POLYMORPHISM},
  PDF = {https://hal.inria.fr/inria-00073205/file/RR-3483.pdf},
  HAL_ID = {inria-00073205},
  HAL_VERSION = {v1},
}

@Inbook{benton_mixed_1995,
author="Benton, P. N.",
editor="Pacholski, Leszek and Tiuryn, Jerzy",
title="A mixed linear and non-linear logic: Proofs, terms and models",
bookTitle="Computer Science Logic: 8th Workshop, CSL '94 Kazimierz, Poland, September 25--30, 1994 Selected Papers",
year="1995",
publisher="Springer Berlin Heidelberg",
address="Berlin, Heidelberg",
pages="121--135",
isbn="978-3-540-49404-1",
doi="10.1007/BFb0022251",
url="http://dx.doi.org/10.1007/BFb0022251"
}

@article{launchbury_st_1995,
author="Launchbury, John
and Peyton Jones, Simon L.",
title="State in Haskell",
journal="LISP and Symbolic Computation",
year="1995",
volume="8",
number="4",
pages="293--341",
abstract="Some algorithms make critical internal use of updatable state, even though their external specification is purely functional. Based on earlier work on monads, we present a way of securely encapsulating stateful computations that manipulate multiple, named, mutable objects, in the context of a non-strict, purely-functional language. The security of the encapsulation is assured by the type system, using parametricity. The same framework is also used to handle input/output operations (state changes on the external world) and calls to C.",
issn="1573-0557",
doi="10.1007/BF01018827",
url="http://dx.doi.org/10.1007/BF01018827"
}


@article{valiant_bridging_1990,
 author = {Valiant, Leslie G.},
 title = {A Bridging Model for Parallel Computation},
 journal = {Commun. ACM},
 issue_date = {Aug. 1990},
 volume = {33},
 number = {8},
 month = aug,
 year = {1990},
 issn = {0001-0782},
 pages = {103--111},
 numpages = {9},
 url = {http://doi.acm.org/10.1145/79173.79181},
 doi = {10.1145/79173.79181},
 acmid = {79181},
 publisher = {ACM},
 address = {New York, NY, USA},
}

@article{little_proof_1961,
author = {John D. C. Little},
title = {A Proof for the Queuing Formula: L = λW},
journal = {Operations Research},
volume = {9},
number = {3},
pages = {383-387},
year = {1961},
doi = {10.1287/opre.9.3.383},

URL = {http://dx.doi.org/10.1287/opre.9.3.383},
eprint = {http://dx.doi.org/10.1287/opre.9.3.383} ,
abstract = { In a queuing process, let 1/λ be the mean time between the arrivals of two consecutive units, L be the mean number of units in the system, and W be the mean time spent by a unit in the system. It is shown that, if the three means are finite and the corresponding stochastic processes strictly stationary, and, if the arrival process is metrically transitive with nonzero mean, then L = λW. }
}

@inproceedings{yang_compact_2015,
 author = {Yang, Edward Z. and Campagna, Giovanni and A\u{g}acan, \"{O}mer S. and El-Hassany, Ahmed and Kulkarni, Abhishek and Newton, Ryan R.},
 title = {Efficient Communication and Collection with Compact Normal Forms},
 booktitle = {Proceedings of the 20th ACM SIGPLAN International Conference on Functional Programming},
 series = {ICFP 2015},
 year = {2015},
 isbn = {978-1-4503-3669-7},
 location = {Vancouver, BC, Canada},
 pages = {362--374},
 numpages = {13},
 url = {http://doi.acm.org/10.1145/2784731.2784735},
 doi = {10.1145/2784731.2784735},
 acmid = {2784735},
 publisher = {ACM},
 address = {New York, NY, USA},
 keywords = {Message Passing, Regions, Serialization},
}

@inproceedings{kiselyov_regions_2008,
 author = {Kiselyov, Oleg and Shan, Chung-chieh},
 title = {Lightweight Monadic Regions},
 booktitle = {Proceedings of the First ACM SIGPLAN Symposium on Haskell},
 series = {Haskell '08},
 year = {2008},
 isbn = {978-1-60558-064-7},
 location = {Victoria, BC, Canada},
 pages = {1--12},
 numpages = {12},
 url = {http://doi.acm.org/10.1145/1411286.1411288},
 doi = {10.1145/1411286.1411288},
 acmid = {1411288},
 publisher = {ACM},
 address = {New York, NY, USA},
 keywords = {effect systems, monads, parametric polymorphism, regions, resource management, subtyping, type classes, type systems},
}

@inproceedings{dominguez_parafusion_2006,
  title={Program fusion with paramorphisms},
  author={Dom{\i}nguez, Facundo and Pardo, Alberto},
  booktitle={Mathematically Structured Func. Programming, Electronic Workshops in Computing. BCS},
  year={2006}
}

@inproceedings{eisenberg_promoting_2014,
 author = {Eisenberg, Richard A. and Stolarek, Jan},
 title = {Promoting Functions to Type Families in Haskell},
 booktitle = {Proceedings of the 2014 ACM SIGPLAN Symposium on Haskell},
 series = {Haskell '14},
 year = {2014},
 isbn = {978-1-4503-3041-1},
 location = {Gothenburg, Sweden},
 pages = {95--106},
 numpages = {12},
 url = {http://doi.acm.org/10.1145/2633357.2633361},
 doi = {10.1145/2633357.2633361},
 acmid = {2633361},
 publisher = {ACM},
 address = {New York, NY, USA},
 keywords = {Haskell, defunctionalization, type-level programming},
}


@article{memcached,
 author = {Fitzpatrick, Brad},
 title = {Distributed Caching with Memcached},
 journal = {Linux J.},
 issue_date = {August 2004},
 volume = {2004},
 number = {124},
 month = aug,
 year = {2004},
 issn = {1075-3583},
 pages = {5--},
 url = {http://dl.acm.org.proxyiub.uits.iu.edu/citation.cfm?id=1012889.1012894},
 acmid = {1012894},
 publisher = {Belltown Media},
 address = {Houston, TX},
} 
